%YAML 1.1
%TAG !u! tag:unity3d.com,2011:
--- !u!1 &1074532643718157543
GameObject:
  m_ObjectHideFlags: 0
  m_CorrespondingSourceObject: {fileID: 0}
  m_PrefabInstance: {fileID: 0}
  m_PrefabAsset: {fileID: 0}
  serializedVersion: 6
  m_Component:
  - component: {fileID: 1074532643718157540}
  - component: {fileID: 1074532643718157541}
  m_Layer: 0
  m_Name: Sprite
  m_TagString: Untagged
  m_Icon: {fileID: 0}
  m_NavMeshLayer: 0
  m_StaticEditorFlags: 0
  m_IsActive: 1
--- !u!4 &1074532643718157540
Transform:
  m_ObjectHideFlags: 0
  m_CorrespondingSourceObject: {fileID: 0}
  m_PrefabInstance: {fileID: 0}
  m_PrefabAsset: {fileID: 0}
  m_GameObject: {fileID: 1074532643718157543}
  m_LocalRotation: {x: -0, y: -0.008726558, z: -0, w: 0.999962}
  m_LocalPosition: {x: 0.49000013, y: 0.029999672, z: 0.0000001527369}
  m_LocalScale: {x: 1.1511933, y: 1.1511928, z: 1.1511933}
  m_Children: []
  m_Father: {fileID: 8899248954824374771}
  m_RootOrder: 0
  m_LocalEulerAnglesHint: {x: 0, y: 0, z: 0}
--- !u!212 &1074532643718157541
SpriteRenderer:
  m_ObjectHideFlags: 0
  m_CorrespondingSourceObject: {fileID: 0}
  m_PrefabInstance: {fileID: 0}
  m_PrefabAsset: {fileID: 0}
  m_GameObject: {fileID: 1074532643718157543}
  m_Enabled: 1
  m_CastShadows: 0
  m_ReceiveShadows: 0
  m_DynamicOccludee: 1
  m_MotionVectors: 1
  m_LightProbeUsage: 1
  m_ReflectionProbeUsage: 1
  m_RenderingLayerMask: 1
  m_RendererPriority: 0
  m_Materials:
  - {fileID: 2100000, guid: d986a6f2c3b168344878a6694f601ae4, type: 2}
  m_StaticBatchInfo:
    firstSubMesh: 0
    subMeshCount: 0
  m_StaticBatchRoot: {fileID: 0}
  m_ProbeAnchor: {fileID: 0}
  m_LightProbeVolumeOverride: {fileID: 0}
  m_ScaleInLightmap: 1
  m_ReceiveGI: 1
  m_PreserveUVs: 0
  m_IgnoreNormalsForChartDetection: 0
  m_ImportantGI: 0
  m_StitchLightmapSeams: 1
  m_SelectedEditorRenderState: 0
  m_MinimumChartSize: 4
  m_AutoUVMaxDistance: 0.5
  m_AutoUVMaxAngle: 89
  m_LightmapParameters: {fileID: 0}
  m_SortingLayerID: 466662569
  m_SortingLayer: 7
  m_SortingOrder: 1
  m_Sprite: {fileID: 21300000, guid: f1919200c35307e4585a621b8386bb10, type: 3}
  m_Color: {r: 1, g: 1, b: 1, a: 1}
  m_FlipX: 0
  m_FlipY: 0
  m_DrawMode: 0
  m_Size: {x: 5.12, y: 5.12}
  m_AdaptiveModeThreshold: 0.5
  m_SpriteTileMode: 0
  m_WasSpriteAssigned: 1
  m_MaskInteraction: 0
  m_SpriteSortPoint: 0
--- !u!1 &1074532645496543683
GameObject:
  m_ObjectHideFlags: 0
  m_CorrespondingSourceObject: {fileID: 0}
  m_PrefabInstance: {fileID: 0}
  m_PrefabAsset: {fileID: 0}
  serializedVersion: 6
  m_Component:
  - component: {fileID: 1074532645496543680}
  - component: {fileID: 2629715734162666058}
  - component: {fileID: 7555790465445180782}
  - component: {fileID: 9052310510174889900}
  m_Layer: 0
  m_Name: Weapon_M762
  m_TagString: Untagged
  m_Icon: {fileID: 0}
  m_NavMeshLayer: 0
  m_StaticEditorFlags: 0
  m_IsActive: 1
--- !u!4 &1074532645496543680
Transform:
  m_ObjectHideFlags: 0
  m_CorrespondingSourceObject: {fileID: 0}
  m_PrefabInstance: {fileID: 0}
  m_PrefabAsset: {fileID: 0}
  m_GameObject: {fileID: 1074532645496543683}
  m_LocalRotation: {x: 0, y: 0, z: 0, w: 1}
  m_LocalPosition: {x: 0, y: 0, z: -0}
  m_LocalScale: {x: 1, y: 1, z: 1}
  m_Children:
  - {fileID: 8899248954824374771}
  m_Father: {fileID: 0}
  m_RootOrder: 0
  m_LocalEulerAnglesHint: {x: 0, y: 0, z: 0}
--- !u!114 &2629715734162666058
MonoBehaviour:
  m_ObjectHideFlags: 0
  m_CorrespondingSourceObject: {fileID: 0}
  m_PrefabInstance: {fileID: 0}
  m_PrefabAsset: {fileID: 0}
  m_GameObject: {fileID: 1074532645496543683}
  m_Enabled: 1
  m_EditorHideFlags: 0
  m_Script: {fileID: 11500000, guid: 8f25a74d9948ac44ea9a3adbac9a3281, type: 3}
  m_Name: 
  m_EditorClassIdentifier: 
  weaponSprite: {fileID: 21300000, guid: f1919200c35307e4585a621b8386bb10, type: 3}
  reloadMode: 0
  reloadTime: 3.5
  maxAmmo: 30
  fireRate: 0.12
  bulletPrefab: {fileID: 1471073173856510545, guid: 93f4da559c89a7a4caa2259d957e25ec,
    type: 3}
  muzzleFlash: {fileID: 4026474321586495102}
  shootSpawnPoint:
  - {fileID: 5135246370677139154}
  spreadRate: 3.5
  recoilPos: {fileID: 8899248954824374771}
  recoilKickUpPossible: 0.7
  recoilKickUpMinMax: {x: 3, y: 35}
  recoilKickDownMinMax: {x: 5, y: 20}
  recoilRecoverRate: 7
  shootAudio:
    audioClip: {fileID: 8300000, guid: 70cce5a67eee6e74296d3aeb847d748b, type: 3}
    audioVolume: 0.8
  reloadAudio:
    audioClip: {fileID: 8300000, guid: 648565250a119394798681f01a82f30e, type: 3}
    audioVolume: 1
  emptyBulletAudio:
    audioClip: {fileID: 8300000, guid: 2385dd3e92adc6545bfde2db91d58f62, type: 3}
    audioVolume: 1
  rackAudio:
    audioClip: {fileID: 0}
    audioVolume: 1
--- !u!82 &7555790465445180782
AudioSource:
  m_ObjectHideFlags: 0
  m_CorrespondingSourceObject: {fileID: 0}
  m_PrefabInstance: {fileID: 0}
  m_PrefabAsset: {fileID: 0}
  m_GameObject: {fileID: 1074532645496543683}
  m_Enabled: 1
  serializedVersion: 4
  OutputAudioMixerGroup: {fileID: 0}
  m_audioClip: {fileID: 0}
  m_PlayOnAwake: 1
  m_Volume: 1
  m_Pitch: 1
  Loop: 0
  Mute: 0
  Spatialize: 0
  SpatializePostEffects: 0
  Priority: 128
  DopplerLevel: 1
  MinDistance: 1
  MaxDistance: 18
  Pan2D: 0
  rolloffMode: 2
  BypassEffects: 0
  BypassListenerEffects: 0
  BypassReverbZones: 0
  rolloffCustomCurve:
    serializedVersion: 2
    m_Curve:
    - serializedVersion: 3
      time: 0
      value: 1.0000076
      inSlope: -0.8736497
      outSlope: -0.8736497
      tangentMode: 0
      weightedMode: 0
      inWeight: 0
      outWeight: 0.07847082
    - serializedVersion: 3
      time: 0.41125953
      value: 0.8932903
      inSlope: -0.30714467
      outSlope: -0.30714467
      tangentMode: 0
      weightedMode: 0
      inWeight: 0.32597613
      outWeight: 0.33333334
    - serializedVersion: 3
      time: 0.5727477
      value: 0.5327127
      inSlope: -1.1242247
      outSlope: -1.1242247
      tangentMode: 0
      weightedMode: 0
      inWeight: 0.33333334
      outWeight: 0.33333334
    - serializedVersion: 3
      time: 0.732508
      value: 0.12625535
      inSlope: -0.9519098
      outSlope: -0.9519098
      tangentMode: 0
      weightedMode: 0
      inWeight: 0.33333334
      outWeight: 0.37376565
    - serializedVersion: 3
      time: 1
      value: 0.00592041
      inSlope: -1.0648508
      outSlope: -1.0648508
      tangentMode: 0
      weightedMode: 0
      inWeight: 0
      outWeight: 0
    m_PreInfinity: 2
    m_PostInfinity: 2
    m_RotationOrder: 4
  panLevelCustomCurve:
    serializedVersion: 2
    m_Curve:
    - serializedVersion: 3
      time: 0
      value: 1
      inSlope: 0
      outSlope: 0
      tangentMode: 0
      weightedMode: 0
      inWeight: 0.33333334
      outWeight: 0.33333334
    m_PreInfinity: 2
    m_PostInfinity: 2
    m_RotationOrder: 4
  spreadCustomCurve:
    serializedVersion: 2
    m_Curve:
    - serializedVersion: 3
      time: 0
      value: 0.125
      inSlope: 0
      outSlope: 0
      tangentMode: 0
      weightedMode: 0
      inWeight: 0.33333334
      outWeight: 0.33333334
    m_PreInfinity: 2
    m_PostInfinity: 2
    m_RotationOrder: 4
  reverbZoneMixCustomCurve:
    serializedVersion: 2
    m_Curve:
    - serializedVersion: 3
      time: 0
      value: 1
      inSlope: 0
      outSlope: 0
      tangentMode: 0
      weightedMode: 0
      inWeight: 0.33333334
      outWeight: 0.33333334
    m_PreInfinity: 2
    m_PostInfinity: 2
    m_RotationOrder: 4
--- !u!114 &9052310510174889900
MonoBehaviour:
  m_ObjectHideFlags: 0
  m_CorrespondingSourceObject: {fileID: 0}
  m_PrefabInstance: {fileID: 0}
  m_PrefabAsset: {fileID: 0}
  m_GameObject: {fileID: 1074532645496543683}
  m_Enabled: 1
  m_EditorHideFlags: 0
  m_Script: {fileID: 11500000, guid: aa584fbee541324448dd18d8409c7a41, type: 3}
  m_Name: 
  m_EditorClassIdentifier: 
  ObservedComponentsFoldoutOpen: 1
  Group: 0
  prefixField: -1
  Synchronization: 0
  OwnershipTransfer: 0
  ObservedComponents:
  - {fileID: 0}
  viewIdField: 0
  InstantiationId: 0
  isRuntimeInstantiated: 0
--- !u!1 &4366907795097510285
GameObject:
  m_ObjectHideFlags: 0
  m_CorrespondingSourceObject: {fileID: 0}
  m_PrefabInstance: {fileID: 0}
  m_PrefabAsset: {fileID: 0}
  serializedVersion: 6
  m_Component:
  - component: {fileID: 8899248954824374771}
  - component: {fileID: 9128096016504192163}
  - component: {fileID: 2389339923414953196}
  m_Layer: 0
  m_Name: RecoilPos
  m_TagString: Untagged
  m_Icon: {fileID: 0}
  m_NavMeshLayer: 0
  m_StaticEditorFlags: 0
  m_IsActive: 1
--- !u!4 &8899248954824374771
Transform:
  m_ObjectHideFlags: 0
  m_CorrespondingSourceObject: {fileID: 0}
  m_PrefabInstance: {fileID: 0}
  m_PrefabAsset: {fileID: 0}
  m_GameObject: {fileID: 4366907795097510285}
  m_LocalRotation: {x: 0, y: 0, z: 0, w: 1}
  m_LocalPosition: {x: 0.1, y: -0.052, z: -0}
  m_LocalScale: {x: 1, y: 1, z: 1}
  m_Children:
  - {fileID: 1074532643718157540}
  - {fileID: 5135246370677139154}
  - {fileID: 4026474321586495073}
  m_Father: {fileID: 1074532645496543680}
  m_RootOrder: 0
  m_LocalEulerAnglesHint: {x: 0, y: 0, z: 0}
--- !u!114 &9128096016504192163
MonoBehaviour:
  m_ObjectHideFlags: 0
  m_CorrespondingSourceObject: {fileID: 0}
  m_PrefabInstance: {fileID: 0}
  m_PrefabAsset: {fileID: 0}
  m_GameObject: {fileID: 4366907795097510285}
  m_Enabled: 1
  m_EditorHideFlags: 0
  m_Script: {fileID: 11500000, guid: aa584fbee541324448dd18d8409c7a41, type: 3}
  m_Name: 
  m_EditorClassIdentifier: 
  ObservedComponentsFoldoutOpen: 1
  Group: 0
  prefixField: -1
  Synchronization: 3
  OwnershipTransfer: 0
  ObservedComponents:
  - {fileID: 2389339923414953196}
  viewIdField: 0
  InstantiationId: 0
  isRuntimeInstantiated: 0
--- !u!114 &2389339923414953196
MonoBehaviour:
  m_ObjectHideFlags: 0
  m_CorrespondingSourceObject: {fileID: 0}
  m_PrefabInstance: {fileID: 0}
  m_PrefabAsset: {fileID: 0}
  m_GameObject: {fileID: 4366907795097510285}
  m_Enabled: 1
  m_EditorHideFlags: 0
  m_Script: {fileID: 11500000, guid: 8efc6b1d64977384eb3405357896c656, type: 3}
  m_Name: 
  m_EditorClassIdentifier: 
  m_PositionModel:
    SynchronizeEnabled: 0
    TeleportEnabled: 1
    TeleportIfDistanceGreaterThan: 3
    InterpolateOption: 2
    InterpolateMoveTowardsSpeed: 1
    InterpolateLerpSpeed: 1
    ExtrapolateOption: 0
    ExtrapolateSpeed: 1
    ExtrapolateIncludingRoundTripTime: 1
    ExtrapolateNumberOfStoredPositions: 1
  m_RotationModel:
    SynchronizeEnabled: 1
    InterpolateOption: 0
    InterpolateRotateTowardsSpeed: 180
    InterpolateLerpSpeed: 5
  m_ScaleModel:
    SynchronizeEnabled: 0
    InterpolateOption: 0
    InterpolateMoveTowardsSpeed: 1
    InterpolateLerpSpeed: 0
--- !u!1 &5135246370677139155
GameObject:
  m_ObjectHideFlags: 0
  m_CorrespondingSourceObject: {fileID: 0}
  m_PrefabInstance: {fileID: 0}
  m_PrefabAsset: {fileID: 0}
  serializedVersion: 6
  m_Component:
  - component: {fileID: 5135246370677139154}
  m_Layer: 0
  m_Name: SpawnPoint
  m_TagString: Untagged
  m_Icon: {fileID: 0}
  m_NavMeshLayer: 0
  m_StaticEditorFlags: 0
  m_IsActive: 1
--- !u!4 &5135246370677139154
Transform:
  m_ObjectHideFlags: 0
  m_CorrespondingSourceObject: {fileID: 0}
  m_PrefabInstance: {fileID: 0}
  m_PrefabAsset: {fileID: 0}
  m_GameObject: {fileID: 5135246370677139155}
  m_LocalRotation: {x: -0, y: -0, z: -0, w: 1}
  m_LocalPosition: {x: 3.16, y: 0.39, z: -0.01}
  m_LocalScale: {x: 1, y: 1, z: 1}
  m_Children: []
  m_Father: {fileID: 8899248954824374771}
  m_RootOrder: 1
  m_LocalEulerAnglesHint: {x: 0, y: 0, z: 0}
--- !u!1001 &1498231224701265819
PrefabInstance:
  m_ObjectHideFlags: 0
  serializedVersion: 2
  m_Modification:
    m_TransformParent: {fileID: 8899248954824374771}
    m_Modifications:
    - target: {fileID: 2533873283633428967, guid: db7d07bcf5a9abd4fa150917c237f5ba,
        type: 3}
      propertyPath: m_Name
      value: MuzzleFlash
      objectReference: {fileID: 0}
    - target: {fileID: 2533873283633428986, guid: db7d07bcf5a9abd4fa150917c237f5ba,
        type: 3}
      propertyPath: m_LocalPosition.x
      value: 3.0509946
      objectReference: {fileID: 0}
    - target: {fileID: 2533873283633428986, guid: db7d07bcf5a9abd4fa150917c237f5ba,
        type: 3}
      propertyPath: m_LocalPosition.y
      value: 0.47599977
      objectReference: {fileID: 0}
    - target: {fileID: 2533873283633428986, guid: db7d07bcf5a9abd4fa150917c237f5ba,
        type: 3}
      propertyPath: m_LocalPosition.z
      value: 0.049999997
      objectReference: {fileID: 0}
    - target: {fileID: 2533873283633428986, guid: db7d07bcf5a9abd4fa150917c237f5ba,
        type: 3}
      propertyPath: m_LocalRotation.x
      value: 0.53966737
      objectReference: {fileID: 0}
    - target: {fileID: 2533873283633428986, guid: db7d07bcf5a9abd4fa150917c237f5ba,
        type: 3}
      propertyPath: m_LocalRotation.y
      value: -0.4569017
      objectReference: {fileID: 0}
    - target: {fileID: 2533873283633428986, guid: db7d07bcf5a9abd4fa150917c237f5ba,
        type: 3}
      propertyPath: m_LocalRotation.z
      value: 0.53966737
      objectReference: {fileID: 0}
    - target: {fileID: 2533873283633428986, guid: db7d07bcf5a9abd4fa150917c237f5ba,
        type: 3}
      propertyPath: m_LocalRotation.w
      value: -0.4569017
      objectReference: {fileID: 0}
    - target: {fileID: 2533873283633428986, guid: db7d07bcf5a9abd4fa150917c237f5ba,
        type: 3}
      propertyPath: m_RootOrder
      value: 2
      objectReference: {fileID: 0}
    - target: {fileID: 2533873283633428986, guid: db7d07bcf5a9abd4fa150917c237f5ba,
        type: 3}
      propertyPath: m_LocalEulerAnglesHint.x
      value: 180
      objectReference: {fileID: 0}
    - target: {fileID: 2533873283633428986, guid: db7d07bcf5a9abd4fa150917c237f5ba,
        type: 3}
      propertyPath: m_LocalEulerAnglesHint.y
      value: -90
      objectReference: {fileID: 0}
    - target: {fileID: 2533873283633428986, guid: db7d07bcf5a9abd4fa150917c237f5ba,
        type: 3}
      propertyPath: m_LocalEulerAnglesHint.z
      value: 80.505
      objectReference: {fileID: 0}
    - target: {fileID: 2533873283633428986, guid: db7d07bcf5a9abd4fa150917c237f5ba,
        type: 3}
      propertyPath: m_LocalScale.x
      value: 0.9059892
      objectReference: {fileID: 0}
    - target: {fileID: 2533873283633428986, guid: db7d07bcf5a9abd4fa150917c237f5ba,
        type: 3}
      propertyPath: m_LocalScale.y
      value: 0.90598935
      objectReference: {fileID: 0}
    - target: {fileID: 2533873283633428986, guid: db7d07bcf5a9abd4fa150917c237f5ba,
        type: 3}
      propertyPath: m_LocalScale.z
      value: 0.9059883
      objectReference: {fileID: 0}
    m_RemovedComponents: []
  m_SourcePrefab: {fileID: 100100000, guid: db7d07bcf5a9abd4fa150917c237f5ba, type: 3}
--- !u!4 &4026474321586495073 stripped
Transform:
  m_CorrespondingSourceObject: {fileID: 2533873283633428986, guid: db7d07bcf5a9abd4fa150917c237f5ba,
    type: 3}
  m_PrefabInstance: {fileID: 1498231224701265819}
  m_PrefabAsset: {fileID: 0}
--- !u!198 &4026474321586495102 stripped
ParticleSystem:
  m_CorrespondingSourceObject: {fileID: 2533873283633428965, guid: db7d07bcf5a9abd4fa150917c237f5ba,
    type: 3}
  m_PrefabInstance: {fileID: 1498231224701265819}
  m_PrefabAsset: {fileID: 0}
